%% LaTeX2e file `face_spoofing_usenix.bib'
%% generated by the `filecontents' environment
%% from source `face_spoofing_usenix' on 2022/01/23.
%%
%-------------------------------------------------------------------------------
@inproceedings{sharif2016accessorize,
  title={Accessorize to a crime: Real and stealthy attacks on state-of-the-art face recognition},
  author={Sharif, Mahmood and Bhagavatula, Sruti and Bauer, Lujo and Reiter, Michael K},
  booktitle={Proceedings of the 2016 acm sigsac conference on computer and communications security},
  pages={1528--1540},
  year={2016}
}
@inproceedings{singh2022powerful,
  title={Powerful Physical Adversarial Examples Against Practical Face Recognition Systems},
  author={Singh, Inderjeet and Araki, Toshinori and Kakizaki, Kazuya},
  booktitle={Proceedings of the IEEE/CVF Winter Conference on Applications of Computer Vision},
  pages={301--310},
  year={2022}
}
@inproceedings{nguyen2020adversarial,
  title={Adversarial light projection attacks on face recognition systems: A feasibility study},
  author={Nguyen, Dinh-Luan and Arora, Sunpreet S and Wu, Yuhang and Yang, Hao},
  booktitle={Proceedings of the IEEE/CVF Conference on Computer Vision and Pattern Recognition Workshops},
  pages={814--815},
  year={2020}
}

@article{guo2021meaningful,
  title={Meaningful Adversarial Stickers for Face Recognition in Physical World},
  author={Guo, Ying and Wei, Xingxing and Wang, Guoqiu and Zhang, Bo},
  journal={arXiv preprint arXiv:2104.06728},
  year={2021}
}

@inproceedings{komkov2021advhat,
  title={Advhat: Real-world adversarial attack on arcface face id system},
  author={Komkov, Stepan and Petiushko, Aleksandr},
  booktitle={2020 25th International Conference on Pattern Recognition (ICPR)},
  pages={819--826},
  year={2021},
  organization={IEEE}
}

@article{zolfi2021adversarial,
  title={Adversarial Mask: Real-World Adversarial Attack Against Face Recognition Models},
  author={Zolfi, Alon and Avidan, Shai and Elovici, Yuval and Shabtai, Asaf},
  journal={arXiv preprint arXiv:2111.10759},
  year={2021}
}

@article{shen2019vla,
  title={Vla: A practical visible light-based attack on face recognition systems in physical world},
  author={Shen, Meng and Liao, Zelin and Zhu, Liehuang and Xu, Ke and Du, Xiaojiang},
  journal={Proceedings of the ACM on Interactive, Mobile, Wearable and Ubiquitous Technologies},
  volume={3},
  number={3},
  pages={1--19},
  year={2019},
  publisher={ACM New York, NY, USA}
}

@inproceedings{dong2019efficient,
  title={Efficient decision-based black-box adversarial attacks on face recognition},
  author={Dong, Yinpeng and Su, Hang and Wu, Baoyuan and Li, Zhifeng and Liu, Wei and Zhang, Tong and Zhu, Jun},
  booktitle={Proceedings of the IEEE/CVF Conference on Computer Vision and Pattern Recognition},
  pages={7714--7722},
  year={2019}
}

@inproceedings {277102,
title = {{DoubleStar}: {Long-Range} Attack Towards Depth Estimation based Obstacle Avoidance in Autonomous Systems},
booktitle = {31st USENIX Security Symposium (USENIX Security 22)},
year = {2022},
address = {Boston, MA},
url = {https://www.usenix.org/conference/usenixsecurity22/presentation/zhou-ce},
publisher = {USENIX Association},
month = aug,
}

@inproceedings{schroff2015facenet,
  title={Facenet: A unified embedding for face recognition and clustering},
  author={Schroff, Florian and Kalenichenko, Dmitry and Philbin, James},
  booktitle={Proceedings of the IEEE conference on computer vision and pattern recognition},
  pages={815--823},
  year={2015}
}

@article{zhang2016joint,
  title={Joint face detection and alignment using multitask cascaded convolutional networks},
  author={Zhang, Kaipeng and Zhang, Zhanpeng and Li, Zhifeng and Qiao, Yu},
  journal={IEEE Signal Processing Letters},
  volume={23},
  number={10},
  pages={1499--1503},
  year={2016},
  publisher={IEEE}
}

@inproceedings{girshick2014rich,
  title={Rich feature hierarchies for accurate object detection and semantic segmentation},
  author={Girshick, Ross and Donahue, Jeff and Darrell, Trevor and Malik, Jitendra},
  booktitle={Proceedings of the IEEE conference on computer vision and pattern recognition},
  pages={580--587},
  year={2014}
}

@inproceedings{guo2019simple,
  title={Simple black-box adversarial attacks},
  author={Guo, Chuan and Gardner, Jacob and You, Yurong and Wilson, Andrew Gordon and Weinberger, Kilian},
  booktitle={International Conference on Machine Learning},
  pages={2484--2493},
  year={2019},
  organization={PMLR}
}

@article{zhong2020towards,
  title={Towards transferable adversarial attack against deep face recognition},
  author={Zhong, Yaoyao and Deng, Weihong},
  journal={IEEE Transactions on Information Forensics and Security},
  volume={16},
  pages={1452--1466},
  year={2020},
  publisher={IEEE}
}

@inproceedings{cao2019adversarial,
  title={Adversarial sensor attack on lidar-based perception in autonomous driving},
  author={Cao, Yulong and Xiao, Chaowei and Cyr, Benjamin and Zhou, Yimeng and Park, Won and Rampazzi, Sara and Chen, Qi Alfred and Fu, Kevin and Mao, Z Morley},
  booktitle={Proceedings of the 2019 ACM SIGSAC conference on computer and communications security},
  pages={2267--2281},
  year={2019}
}

@inproceedings{parkin2019recognizing,
  title={Recognizing multi-modal face spoofing with face recognition networks},
  author={Parkin, Aleksandr and Grinchuk, Oleg},
  booktitle={Proceedings of the IEEE/CVF Conference on Computer Vision and Pattern Recognition Workshops},
  pages={0--0},
  year={2019}
}

@inproceedings{belli2022personalized,
  title={A Personalized Benchmark for Face Anti-Spoofing},
  author={Belli, Davide and Das, Debasmit and Major, Bence and Porikli, Fatih},
  booktitle={Proceedings of the IEEE/CVF Winter Conference on Applications of Computer Vision},
  pages={338--348},
  year={2022}
}

@article{abdullakutty2021review,
  title={A review of state-of-the-art in Face Presentation Attack Detection: From early development to advanced deep learning and multi-modal fusion methods},
  author={Abdullakutty, Faseela and Elyan, Eyad and Johnston, Pamela},
  journal={Information fusion},
  year={2021},
  publisher={Elsevier}
}

@inproceedings{8888436,
  author={Husseis, Anas and Liu-Jimenez, Judith and Goicoechea-Telleria, Ines and Sanchez-Reillo, Raul},
  booktitle={2019 International Carnahan Conference on Security Technology (ICCST)}, 
  title={A Survey in Presentation Attack and Presentation Attack Detection}, 
  year={2019},
  volume={},
  number={},
  pages={1-13},
  doi={10.1109/CCST.2019.8888436}}

@inproceedings{anjos2011counter,
  title={Counter-measures to photo attacks in face recognition: a public database and a baseline},
  author={Anjos, Andr{\'e} and Marcel, S{\'e}bastien},
  booktitle={2011 international joint conference on Biometrics (IJCB)},
  pages={1--7},
  year={2011},
  organization={IEEE}
}

@article{raghavendra2015presentation,
  title={Presentation attack detection for face recognition using light field camera},
  author={Raghavendra, Ramachandra and Raja, Kiran B and Busch, Christoph},
  journal={IEEE Transactions on Image Processing},
  volume={24},
  number={3},
  pages={1060--1075},
  year={2015},
  publisher={IEEE}
}

@inproceedings{chakka2011competition,
  title={Competition on counter measures to 2-d facial spoofing attacks},
  author={Chakka, Murali Mohan and Anjos, Andre and Marcel, Sebastien and Tronci, Roberto and Muntoni, Daniele and Fadda, Gianluca and Pili, Maurizio and Sirena, Nicola and Murgia, Gabriele and Ristori, Marco and others},
  booktitle={2011 International Joint Conference on Biometrics (IJCB)},
  pages={1--6},
  year={2011},
  organization={IEEE}
}

@inproceedings{nesli2013spoofing,
  title={Spoofing in 2d face recognition with 3d masks and anti-spoofing with kinect},
  author={Nesli, Erdogmus and Marcel, S{\'e}bastien},
  booktitle={IEEE 6th International Conference on Biometrics: Theory, Applications and Systems (BTASâ€™13)},
  pages={1--8},
  year={2013}
}

@inproceedings{wang2019multi,
  title={Multi-modal face presentation attack detection via spatial and channel attentions},
  author={Wang, Guoqing and Lan, Chuanxin and Han, Hu and Shan, Shiguang and Chen, Xilin},
  booktitle={Proceedings of the IEEE/CVF Conference on Computer Vision and Pattern Recognition Workshops},
  pages={0--0},
  year={2019}
}

@inproceedings{atoum2017face,
  title={Face anti-spoofing using patch and depth-based CNNs},
  author={Atoum, Yousef and Liu, Yaojie and Jourabloo, Amin and Liu, Xiaoming},
  booktitle={2017 IEEE International Joint Conference on Biometrics (IJCB)},
  pages={319--328},
  year={2017},
  organization={IEEE}
}

@inproceedings{george2021cross,
  title={Cross Modal Focal Loss for RGBD Face Anti-Spoofing},
  author={George, Anjith and Marcel, S{\'e}bastien},
  booktitle={Proceedings of the IEEE/CVF Conference on Computer Vision and Pattern Recognition},
  pages={7882--7891},
  year={2021}
}

@article{ramachandra2017presentation,
  title={Presentation attack detection methods for face recognition systems: A comprehensive survey},
  author={Ramachandra, Raghavendra and Busch, Christoph},
  journal={ACM Computing Surveys (CSUR)},
  volume={50},
  number={1},
  pages={1--37},
  year={2017},
  publisher={ACM New York, NY, USA}
}

@inproceedings{bhaskar2003blink,
  title={Blink detection and eye tracking for eye localization},
  author={Bhaskar, TN and Keat, Foo Tun and Ranganath, Surendra and Venkatesh, YV},
  booktitle={TENCON 2003. Conference on Convergent Technologies for Asia-Pacific Region},
  volume={2},
  pages={821--824},
  year={2003},
  organization={IEEE}
}

@article{jee2006liveness,
  title={Liveness detection for embedded face recognition system},
  author={Jee, Hyung-Keun and Jung, Sung-Uk and Yoo, Jang-Hee},
  journal={International Journal of Biological and Medical Sciences},
  volume={1},
  number={4},
  pages={235--238},
  year={2006}
}

@article{roberts2007biometric,
  title={Biometric attack vectors and defences},
  author={Roberts, Chris},
  journal={Computers \& Security},
  volume={26},
  number={1},
  pages={14--25},
  year={2007},
  publisher={Elsevier}
}

@article{smith2018continuous,
  title={Continuous face authentication scheme for mobile devices with tracking and liveness detection},
  author={Smith-Creasey, Max and Albalooshi, Fatema A and Rajarajan, Muttukrishnan},
  journal={Microprocessors and Microsystems},
  volume={63},
  pages={147--157},
  year={2018},
  publisher={Elsevier}
}

@article{chan2017face,
  title={Face liveness detection using a flash against 2D spoofing attack},
  author={Chan, Patrick PK and Liu, Weiwen and Chen, Danni and Yeung, Daniel S and Zhang, Fei and Wang, Xizhao and Hsu, Chien-Chang},
  journal={IEEE Transactions on Information Forensics and Security},
  volume={13},
  number={2},
  pages={521--534},
  year={2017},
  publisher={IEEE}
}

@inproceedings{kim2012face,
  title={Face liveness detection based on texture and frequency analyses},
  author={Kim, Gahyun and Eum, Sungmin and Suhr, Jae Kyu and Kim, Dong Ik and Park, Kang Ryoung and Kim, Jaihie},
  booktitle={2012 5th IAPR international conference on biometrics (ICB)},
  pages={67--72},
  year={2012},
  organization={IEEE}
}

@inproceedings{lagorio2013liveness,
  title={Liveness detection based on 3D face shape analysis},
  author={Lagorio, Andrea and Tistarelli, Massimo and Cadoni, Marinella and Fookes, Clinton and Sridharan, Sridha},
  booktitle={2013 International Workshop on Biometrics and Forensics (IWBF)},
  pages={1--4},
  year={2013},
  organization={IEEE}
}

@article{song2018face,
  title={Face liveness detection based on joint analysis of rgb and near-infrared image of faces},
  author={Song, Lingxue and Liu, Changsong},
  journal={Electronic Imaging},
  volume={2018},
  number={10},
  pages={373--1},
  year={2018},
  publisher={Society for Imaging Science and Technology}
}

@inproceedings{bhattacharjee2018spoofing,
	title={Spoofing deep face recognition with custom silicone masks},
	author={Bhattacharjee, Sushil and Mohammadi, Amir and Marcel, S{\'e}bastien},
	booktitle={2018 IEEE 9th International Conference on Biometrics Theory, Applications and Systems (BTAS)},
	pages={1--7},
	year={2018},
	organization={IEEE}
}

@inproceedings{de2012lbp,
	title={LBP- TOP based countermeasure against face spoofing attacks},
	author={de Freitas Pereira, Tiago and Anjos, Andr{\'e} and De Martino, Jos{\'e} Mario and Marcel, S{\'e}bastien},
	booktitle={Asian Conference on Computer Vision},
	pages={121--132},
	year={2012},
	organization={Springer}
}

@inproceedings{boulkenafet2015face,
	title={Face anti-spoofing based on color texture analysis},
	author={Boulkenafet, Zinelabidine and Komulainen, Jukka and Hadid, Abdenour},
	booktitle={2015 IEEE international conference on image processing (ICIP)},
	pages={2636--2640},
	year={2015},
	organization={IEEE}
}

@article{patel2016secure,
	title={Secure face unlock: Spoof detection on smartphones},
	author={Patel, Keyurkumar and Han, Hu and Jain, Anil K},
	journal={IEEE transactions on information forensics and security},
	volume={11},
	number={10},
	pages={2268--2283},
	year={2016},
	publisher={IEEE}
}

@article{boulkenafet2016face,
	title={Face antispoofing using speeded-up robust features and fisher vector encoding},
	author={Boulkenafet, Zinelabidine and Komulainen, Jukka and Hadid, Abdenour},
	journal={IEEE Signal Processing Letters},
	volume={24},
	number={2},
	pages={141--145},
	year={2016},
	publisher={IEEE}
}

@inproceedings{komulainen2013context,
	title={Context based face anti-spoofing},
	author={Komulainen, Jukka and Hadid, Abdenour and Pietik{\"a}inen, Matti},
	booktitle={2013 IEEE Sixth International Conference on Biometrics: Theory, Applications and Systems (BTAS)},
	pages={1--8},
	year={2013},
	organization={IEEE}
}

@inproceedings{li2019dual,
	title={A Dual-Modal Face Anti-Spoofing Method via Light-Weight Networks},
	author={Li, Lizhong and Gao, Zhibin and Huang, Lianfen and Zhang, Hao and Lin, Meijia},
	booktitle={2019 IEEE 13th International Conference on Anti-counterfeiting, Security, and Identification (ASID)},
	pages={70--74},
	year={2019},
	organization={IEEE}
}

@article{jiang2020face,
	title={Face anti-spoofing with generated near-infrared images},
	author={Jiang, Fangling and Liu, Pengcheng and Shao, Xiaohu and Zhou, Xiangdong},
	journal={Multimedia Tools and Applications},
	volume={79},
	number={29},
	pages={21299--21323},
	year={2020},
	publisher={Springer}
}

@article{liu2021face,
	title={Face Anti-Spoofing via Adversarial Cross-Modality Translation},
	author={Liu, Ajian and Tan, Zichang and Wan, Jun and Liang, Yanyan and Lei, Zhen and Guo, Guodong and Li, Stan Z},
	journal={IEEE Transactions on Information Forensics and Security},
	volume={16},
	pages={2759--2772},
	year={2021},
	publisher={IEEE}
}

@article{zanuttigh2016time,
	title={Time-of-flight and structured light depth cameras},
	author={Zanuttigh, Pietro and Marin, Giulio and Dal Mutto, Carlo and Dominio, Fabio and Minto, Ludovico and Cortelazzo, Guido Maria},
	journal={Technology and Applications},
	pages={978--3},
	year={2016},
	publisher={Springer}
}

@article{daneshmand20183d,
	title={3d scanning: A comprehensive survey},
	author={Daneshmand, Morteza and Helmi, Ahmed and Avots, Egils and Noroozi, Fatemeh and Alisinanoglu, Fatih and Arslan, Hasan Sait and Gorbova, Jelena and Haamer, Rain Eric and Ozcinar, Cagri and Anbarjafari, Gholamreza},
	journal={arXiv preprint arXiv:1801.08863},
	year={2018}
}

@inproceedings{fanello2016hyperdepth,
	title={Hyperdepth: Learning depth from structured light without matching},
	author={Fanello, Sean Ryan and Rhemann, Christoph and Tankovich, Vladimir and Kowdle, Adarsh and Escolano, Sergio Orts and Kim, David and Izadi, Shahram},
	booktitle={Proceedings of the IEEE Conference on Computer Vision and Pattern Recognition},
	pages={5441--5450},
	year={2016}
}

@article{george2020effectiveness,
	title={On the Effectiveness of Vision Transformers for Zero-shot Face Anti-Spoofing},
	author={George, Anjith and Marcel, S{\'e}bastien},
	journal={arXiv preprint arXiv:2011.08019},
	year={2020}
}

@article{yang2014learn,
	title={Learn convolutional neural network for face anti-spoofing},
	author={Yang, Jianwei and Lei, Zhen and Li, Stan Z},
	journal={arXiv preprint arXiv:1408.5601},
	year={2014}
}

@inproceedings{chen2020face,
	title={Face Anti-Spoofing by Fusing High and Low Frequency Features for Advanced Generalization Capability},
	author={Chen, Baoliang and Yang, Wenhan and Wang, Shiqi},
	booktitle={2020 IEEE Conference on Multimedia Information Processing and Retrieval (MIPR)},
	pages={199--204},
	year={2020},
	organization={IEEE}
}

@inproceedings{luo2018face,
	title={Face anti-spoofing with multi-scale information},
	author={Luo, Shiying and Kan, Meina and Wu, Shuzhe and Chen, Xilin and Shan, Shiguang},
	booktitle={2018 24th International Conference on Pattern Recognition (ICPR)},
	pages={3402--3407},
	year={2018},
	organization={IEEE}
}

@inproceedings{te2020exploring,
	title={Exploring hypergraph representation on face anti-spoofing beyond 2d attacks},
	author={Te, Gusi and Hu, Wei and Guo, Zongming},
	booktitle={2020 IEEE International Conference on Multimedia and Expo (ICME)},
	pages={1--6},
	year={2020},
	organization={IEEE}
}

@inproceedings{bhattacharjee2018spoofing,
	title={Spoofing deep face recognition with custom silicone masks},
	author={Bhattacharjee, Sushil and Mohammadi, Amir and Marcel, S{\'e}bastien},
	booktitle={2018 IEEE 9th International Conference on Biometrics Theory, Applications and Systems (BTAS)},
	pages={1--7},
	year={2018},
	organization={IEEE}
}

@article{goswami2014rgb,
	title={RGB-D face recognition with texture and attribute features},
	author={Goswami, Gaurav and Vatsa, Mayank and Singh, Richa},
	journal={IEEE Transactions on Information Forensics and Security},
	volume={9},
	number={10},
	pages={1629--1640},
	year={2014},
	publisher={IEEE}
}

@inproceedings{athalye2018synthesizing,
	title={Synthesizing robust adversarial examples},
	author={Athalye, Anish and Engstrom, Logan and Ilyas, Andrew and Kwok, Kevin},
	booktitle={International conference on machine learning},
	pages={284--293},
	year={2018},
	organization={PMLR}
}

@article{abdullah2007dynamic,
	title={A dynamic histogram equalization for image contrast enhancement},
	author={Abdullah-Al-Wadud, Mohammad and Kabir, Md Hasanul and Dewan, M Ali Akber and Chae, Oksam},
	journal={IEEE Transactions on Consumer Electronics},
	volume={53},
	number={2},
	pages={593--600},
	year={2007},
	publisher={IEEE}
}

@inproceedings{da2020comparison,
	title={Comparison of RGB-D sensors for 3D reconstruction},
	author={da Silva Neto, Jos{\'e} Gomes and da Lima Silva, Pedro Jorge and Figueredo, Filipe and Teixeira, Jo{\~a}o Marcelo Xavier Nat{\'a}rio and Teichrieb, Veronica},
	booktitle={2020 22nd Symposium on Virtual and Augmented Reality (SVR)},
	pages={252--261},
	year={2020},
	organization={IEEE}
}

@inproceedings{chong2017intraoperative,
	title={Intraoperative NIR diffuse optical tomography system based on spatially modulated illumination using the DLP4500 evaluation module (Conference Presentation)},
	author={Chong, Sang Hoon and Parthasarathy, Ashwin B and Kavuri, Venkaiah C and Moscatelli, Frank A and Singhal, Sunil and Yodh, Arjun G},
	booktitle={Emerging Digital Micromirror Device Based Systems and Applications IX},
	volume={10117},
	pages={101170D},
	year={2017},
	organization={International Society for Optics and Photonics}
}

@article{chakraborty2014overview,
	title={An overview of face liveness detection},
	author={Chakraborty, Saptarshi and Das, Dhrubajyoti},
	journal={arXiv preprint arXiv:1405.2227},
	year={2014}
}

@inproceedings{yin2013image,
	title={Image Transformation for Digital Printing Machine},
	author={Yin, Feng Ling and Huo, Bing Quan},
	booktitle={Applied mechanics and materials},
	volume={401},
	pages={180--183},
	year={2013},
	organization={Trans Tech Publ}
}

@inproceedings{sun2020towards,
	title={Towards robust lidar-based perception in autonomous driving: General black-box adversarial sensor attack and countermeasures},
	author={Sun, Jiachen and Cao, Yulong and Chen, Qi Alfred and Mao, Z Morley},
	booktitle={29th $\{$USENIX$\}$ Security Symposium ($\{$USENIX$\}$ Security 20)},
	pages={877--894},
	year={2020}
}

@inproceedings{tu2020physically,
	title={Physically realizable adversarial examples for lidar object detection},
	author={Tu, James and Ren, Mengye and Manivasagam, Sivabalan and Liang, Ming and Yang, Bin and Du, Richard and Cheng, Frank and Urtasun, Raquel},
	booktitle={Proceedings of the IEEE/CVF Conference on Computer Vision and Pattern Recognition},
	pages={13716--13725},
	year={2020}
}

@misc{baidu,
	author = {Baidu},
	title = {Baidu AI Cloud Face Recognition platform},
	howpublished = {[EB/OL]},
	note = {\url{https://intl.cloud.baidu.com/product/face.html}},
}

@misc{tencent,
	author = {Tencent},
	title = {Tencent Cloud Face Recognition platform},
	howpublished = {[EB/OL]},
	note = {\url{https://intl.cloud.tencent.com/products/facerecognition.html}},
}

@misc{3divi,
	author = {3divi},
	title = {3DiVi Face Recognition platform},
	howpublished = {[EB/OL]},
	note = {\url{https://face.3divi.com}},
}

@misc{huawei,
	author = {Huawei},
	title = {Huawei Cloud Face Recognition platform},
	howpublished = {[EB/OL]},
	note = {\url{https://www.huaweicloud.com/product/face.html}},
}

@article{mezirow1978perspective,
	title={Perspective transformation},
	author={Mezirow, Jack},
	journal={Adult education},
	volume={28},
	number={2},
	pages={100--110},
	year={1978},
	publisher={Sage Publications Sage CA: Thousand Oaks, CA}
}

@inproceedings{liu2019feature,
	title={Feature distillation: DNN-oriented JPEG compression against adversarial examples},
	author={Liu, Zihao and Liu, Qi and Liu, Tao and Xu, Nuo and Lin, Xue and Wang, Yanzhi and Wen, Wujie},
	booktitle={2019 IEEE/CVF Conference on Computer Vision and Pattern Recognition (CVPR)},
	pages={860--868},
	year={2019},
	organization={IEEE}
}

@article{ma2018characterizing,
	title={Characterizing adversarial subspaces using local intrinsic dimensionality},
	author={Ma, Xingjun and Li, Bo and Wang, Yisen and Erfani, Sarah M and Wijewickrema, Sudanthi and Schoenebeck, Grant and Song, Dawn and Houle, Michael E and Bailey, James},
	journal={arXiv preprint arXiv:1801.02613},
	year={2018}
}

@article{papernot2018deep,
	title={Deep k-nearest neighbors: Towards confident, interpretable and robust deep learning},
	author={Papernot, Nicolas and McDaniel, Patrick},
	journal={arXiv preprint arXiv:1803.04765},
	year={2018}
}

@inproceedings{han2007face,
  title={Face recognition based on near-infrared light using mobile phone},
  author={Han, Song-Yi and Park, Hyun-Ae and Cho, Dal-ho and Park, Kang Ryoung and Lee, Sangyoun},
  booktitle={International Conference on Adaptive and Natural Computing Algorithms},
  pages={440--448},
  year={2007},
  organization={Springer}
}

@article{bud2018facing,
  title={Facing the future: The impact of Apple FaceID},
  author={Bud, Andrew},
  journal={Biometric technology today},
  volume={2018},
  number={1},
  pages={5--7},
  year={2018},
  publisher={Elsevier}
}

@inproceedings{waseem2020face,
  title={Face Recognition for Smart Door Lock System using Hierarchical Network},
  author={Waseem, Muhammad and Khowaja, Sundar Ali and Ayyasamy, Ramesh Kumar and Bashir, Farhan},
  booktitle={2020 International Conference on Computational Intelligence (ICCI)},
  pages={51--56},
  year={2020},
  organization={IEEE}
}

@inproceedings{nirkin2018_faceswap,
      title={On Face Segmentation, Face Swapping, and Face Perception},
      booktitle = {IEEE Conference on Automatic Face and Gesture Recognition},
      author={Nirkin, Yuval and Masi, Iacopo and Tran, Anh Tuan and Hassner, Tal and Medioni, and G\'{e}rard Medioni},
      year={2018},
}

@inproceedings{paysan20093d,
  title={A 3D face model for pose and illumination invariant face recognition},
  author={Paysan, Pascal and Knothe, Reinhard and Amberg, Brian and Romdhani, Sami and Vetter, Thomas},
  booktitle={2009 sixth IEEE international conference on advanced video and signal based surveillance},
  pages={296--301},
  year={2009},
  organization={Ieee}
}

@inproceedings{godard2019digging,
	title={Digging into self-supervised monocular depth estimation},
	author={Godard, Cl{\'e}ment and Mac Aodha, Oisin and Firman, Michael and Brostow, Gabriel J},
	booktitle={Proceedings of the IEEE/CVF International Conference on Computer Vision},
	pages={3828--3838},
	year={2019}
}

@inproceedings{feng2018joint,
  title={Joint 3d face reconstruction and dense alignment with position map regression network},
  author={Feng, Yao and Wu, Fan and Shao, Xiaohu and Wang, Yanfeng and Zhou, Xi},
  booktitle={Proceedings of the European conference on computer vision (ECCV)},
  pages={534--551},
  year={2018}
}

@Article{dlib09,
  author = {Davis E. King},
  title = {Dlib-ml: A Machine Learning Toolkit},
  journal = {Journal of Machine Learning Research},
  year = {2009},
  volume = {10},
  pages = {1755-1758},
}

@inproceedings{ronneberger2015u,
  title={U-net: Convolutional networks for biomedical image segmentation},
  author={Ronneberger, Olaf and Fischer, Philipp and Brox, Thomas},
  booktitle={International Conference on Medical image computing and computer-assisted intervention},
  pages={234--241},
  year={2015},
  organization={Springer}
}

@inproceedings{he2016deep,
  title={Deep residual learning for image recognition},
  author={He, Kaiming and Zhang, Xiangyu and Ren, Shaoqing and Sun, Jian},
  booktitle={Proceedings of the IEEE conference on computer vision and pattern recognition},
  pages={770--778},
  year={2016}
}

@inproceedings{zhu2016face,
  title={Face alignment across large poses: A 3d solution},
  author={Zhu, Xiangyu and Lei, Zhen and Liu, Xiaoming and Shi, Hailin and Li, Stan Z},
  booktitle={Proceedings of the IEEE conference on computer vision and pattern recognition},
  pages={146--155},
  year={2016}
}

@article{gupta2010anthropometric,
  title={Anthropometric 3D face recognition},
  author={Gupta, Shalini and Markey, Mia K and Bovik, Alan C},
  journal={International journal of computer vision},
  volume={90},
  number={3},
  pages={331--349},
  year={2010},
  publisher={Springer}
}

@inproceedings{gupta2010texas,
  title={Texas 3D face recognition database},
  author={Gupta, Shalini and Castleman, Kenneth R and Markey, Mia K and Bovik, Alan C},
  booktitle={2010 IEEE Southwest Symposium on Image Analysis \& Interpretation (SSIAI)},
  pages={97--100},
  year={2010},
  organization={IEEE}
}

@article{souza2018far,
  title={How far did we get in face spoofing detection?},
  author={Souza, Luiz and Oliveira, Luciano and Pamplona, Mauricio and Papa, Joao},
  journal={Engineering Applications of Artificial Intelligence},
  volume={72},
  pages={368--381},
  year={2018},
  publisher={Elsevier}
}

@book{marcel2014handbook,
  title={Handbook of biometric anti-spoofing},
  author={Marcel, S{\'e}bastien and Nixon, Mark S and Li, Stan Z},
  volume={1},
  year={2014},
  publisher={Springer}
}

@misc{faceid,
	author = {Apple},
	title = {About Face ID advanced technology},
	howpublished = {[EB/OL]},
	note = {\url{https://support.apple.com/en-us/HT208108},
}

@misc{baidu_customer,
	author = {Baidu},
	title = {Customer Cases of Baidu Face Authentication Application Kit},
	howpublished = {[EB/OL]},
	note = {\url{https://ai.baidu.com/customer?industry=0&technology=2&clickType=tech&caseOrderType=1},
}
